

@Manual{RcoreTeam,
  author = {R Core Team},
  title = {{R}: A Language and Environment for Statistical Computing},
  year = {2023},
  journal = {R Foundation for Statistical Computing},
  address = {Vienna, Austria},
  url = {https://www.R-project.org/}
}

@Manual{R,
    title = {R: atime for asymptotic Timings },
    author = {{Doris Amoakohene, Toby Hockings}},
    organization = {Northern Arizona University},
    address = {Arizona, United States},
    year = {2024},
    url = {http://www.R-project.org/},
  }

@Manual{atime_article,
  author       = {Doris Amoakohene},
  title        = {Continuous and Performance Testing Section},
  organization = {GitHub},
  year         = {2023},
  url          = {https://github.com/DorisAmoakohene/atime-article/blob/main/Continuous%20and%20Performance%20Testing%20Section.Rmd},
  note         = {Accessed: 2025-01-13}
}

@Manual{bench,
    title = {bench: High Precision Timing of R Expressions},
    author = {Jim Hester and Davis Vaughan},
    year = {2024},
    note = {R package version 1.1.3},
    url = {https://CRAN.R-project.org/package=bench},
  }

@Manual{microbenchmark,
    title = {microbenchmark: Accurate Timing Functions},
    author = {Olaf Mersmann},
    year = {2024},
    note = {R package version 1.4.10},
    url = {https://CRAN.R-project.org/package=microbenchmark},
  }

@Manual{system.time,
    title = {R: A Language and Environment for Statistical Computing},
    author = {{R Core Team}},
    organization = {R Foundation for Statistical Computing},
    address = {Vienna, Austria},
    year = {2024},
    url = {https://www.R-project.org/},
  }

@Manual{rbenchmark,
    title = {rbenchmark: Benchmarking routine for R},
    author = {Wacek Kusnierczyk},
    year = {2024},
    note = {R package version 1.0.0},
    url = {https://CRAN.R-project.org/package=rbenchmark},
  }

@Manual{atime,
  title = {atime : Automatic Timing Tests for Code in R},
  author = {Toby Hocking},
  year  = {2023},
  note  = {R package version 0.1.0},
  url   = {https://CRAN.R-project.org/package=atime}
}


@unpublished{relative-continuous-benchmarking,
  author = {Bencher web site authors},
  title = {Relative Continuous Benchmarking},
  note = {Available online at \url{https://bencher.dev/docs/how-to/track-benchmarks/\#relative-continuous-benchmarking}},
  year = {2024}
}

@manual{numpy,
    title     = {NumPy: The fundamental package for scientific computing with Python},
    author    = {{NumPy Developers}},
    year      = {2023},
    note      = {Available at \url{https://numpy.org/}},
}

@Article{Rcpp,
  title = {{Rcpp}: Seamless {R} and {C++} Integration},
  author = {Dirk Eddelbuettel and Romain Fran\c{c}ois},
  journal = {Journal of Statistical Software},
  year = {2011},
  volume = {40},
  number = {8},
  pages = {1--18},
  doi = {10.18637/jss.v040.i08},
}


@unpublished{bencher,
  author = {{Bencher web site authors}},
  title = {What is Continuous Benchmarking?},
  note = {Available online at \url{https://bencher.dev/docs/explanation/continuous-benchmarking/}},
  year = {2024}
}

@unpublished{timeit,
  author = {Python Software Foundation, PSF},
  title = {timeit: Measure execution time of small code snippets},
  note = {Python Standard Library, Available online at \url{https://docs.python.org/3/library/timeit.html}},
  year = {2024}
}

@unpublished{profile,
  author = {Python Software Foundation},
  title = {profile: Performance analysis of Python programs},
  note = {Python Standard Library, Available online at \url{https://docs.python.org/3/library/profile.html}},
  year= {2024}  
}

@Manual{profvis,
    title = {profvis: Interactive Visualizations for Profiling R Code},
    author = {Hadley Wickham and Winston Chang and Javier Luraschi and Timothy Mastny},
    year = {2024},
    note = {R package version 0.4.0},
    url = {https://CRAN.R-project.org/package=profvis},
  }

@unpublished{memory_profiler,
  title = {memory\_profiler: A Module for Monitoring Memory Usage in Python Programs},
  author = {Armin Ronacher and others},
  year = {2021},
  url = {https://github.com/pythonprofilers/memory_profiler},
  note = {Accessed: 2023-10-01}
}

@unpublished{airspeed_velocity,
    author = {Michael Droettboom, Pauli Virtanen, asv Developers},
    title = {airspeed velocity},
    note = {A tool for benchmarking Python packages. Available at \url{https://asv.readthedocs.io/en/stable/}},
    year = {2024}
}

@unpublished{pytest_benchmark,
    author = {Floris Bruynooghe and the pytest-benchmark Contributors},
    title = {pytest-benchmark: Wheezy benchmarking for pytest},
    note = {https://github.com/ionelmc/pytest-benchmark},
    year = {2024}
}

@unpublished{conbench,
    author = { UrsaLab and Contributors},
    title = {conbench: Conda Benchmarking Tool},
    note = {https://github.com/conda/conbench},
    year = {2024}
}

@Manual{touchstone,
    title = {touchstone: Continuous Benchmarking with Statistical Confidence Based on
'Git' Branches},
    author = {Lorenz Walthert and Jacob Wujciak-Jens},
    year = {2024},
    note = {R package version 0.0.0.9002, commit afa8d4284ed51aa99df59d6903fa5c5ad560b8dc},
url = {https://github.com/lorenzwalthert/touchstone}
}

@article{knuth1997art,
  title={The Art of Computer Programming},
  author={Knuth, Donald E.},
  journal={Journal of Computer Science},
  volume={12},
  number={3},
  pages={123-456},
  year={1997}
}

@article{cormen2009introduction,
  title={Introduction to Algorithms},
  author={Cormen, Thomas H. and Leiserson, Charles E. and Rivest, Ronald L. and Stein, Clifford},
  journal={Journal of Algorithms},
  volume={45},
  number={2},
  pages={78-102},
  year={2009}
}

@article{TheRcoreTeam,
author = {Lüdecke, Daniel and Ben Shachar, Mattan and Patil, Indrajeet and Waggoner, Philip and Makowski, Dominique},
year = {2021},
month = {04},
pages = {3139},
title = {performance: An R Package for Assessment, Comparison and Testing of Statistical Models},
volume = {6},
journal = {The Journal of Open Source Software},
doi = {10.21105/joss.03139}
}

@book{wickham2020,
author = {Wickham, and Boussiala, Mohamed},
year = {2020},
month = {11},
pages = {},
title = {[Hadley Wickham] R Packages Organize, Test, Document, and Share Your Code}
}

@book{gillespie2021,
  title     = {Efficient R Programming},
  author    = {Colin Gillespie and Robin Lovelace},
  year      = {2021},
  publisher = {O'Reilly Media},
  isbn      = {9781491971241},
}

@unpublished{pytestbenchmark2023,
  author = {Eric Matthes},
  title = {How To Measure And Improve Code Efficiency with Pytest Benchmark (The Ultimate Guide)},
  year = {2023},
  note = {Available online at \url{https://pytest-with-eric.com/pytest-best-practices/pytest-benchmark/}, accessed on 2023-08-25}
}


@article{sedgewick2013algorithms,
  title={Algorithms},
  author={Sedgewick, Robert and Wayne, Kevin},
  journal={Addison-Wesley Professional},
  year={2013},
  edition={4th}
}

@unpublished{githubactions2024,
  author = {{GitHub Docs}},
  title = {About GitHub Actions},
  note = {Available online at \url{https://docs.github.com/en/actions/learn-github-actions/understanding-github-actions}, accessed on 2024-09-18},
  year = {2024},
  month = sep
}



@Article{performance2021,
title = {{performance}: An {R} Package for Assessment, Comparison and Testing of Statistical Models},
author = {Daniel Lüdecke and Mattan S. Ben-Shachar and Indrajeet Patil and Philip Waggoner and Dominique Makowski},
year = {2021},
journal = {Journal of Open Source Software},
volume = {6},
number = {60},
pages = {3139},
doi = {10.21105/joss.03139},
}

@manual{pandas,
  title = {pandas: Powerful data structures for data analysis in Python},
  author = {McKinney, Wes and others},
  year = {2010},
  note = {Python package version 1.5.0}
}

@manual{dask,
  title = {dask: Parallel computing with task scheduling},
  author = {dask},
  year = {2016},
  note = {Python package version 2022.10.0},
  url = {https://dask.org}
}

@manual{baseR,
  title = {R: A language and environment for statistical computing},
  author = {{R Core Team}},
  year = {2022},
  organization = {R Foundation for Statistical Computing},
  address = {Vienna, Austria},
  url = {https://www.R-project.org/}
}

@manual{readr,
  title = {readr: Read Rectangular Text Data},
  author = {Wickham, Hadley and Hester, Jim},
  year = {2018},
  note = {R package version 2.1.0}
}

@manual{utils,
  title = {utils: The R Utils Package},
  author = {{R Core Team}},
  year = {2022},
  note = {Included in base R},
  url = {https://www.R-project.org/}
}

@manual{data.table,
  title = {data.table: Extension of `data.frame`},
  author = {Dowle, Matt and Srinivasan, Arun},
  year = {2021},
  note = {R package version 1.14.2}
}

@manual{PCRE,
  title        = {PCRE - Perl Compatible Regular Expressions},
  author       = {{Philip Hazel}},
  organization = {University of Cambridge},
  year         = {1997},
  note         = {Version 10.40, \url{https://www.pcre.org/}},
}

@manual{TRE,
  title        = {TRE - Approximate Regex Matching Library},
  author       = {{Ville Laurikari}},
  organization = {Department of Computer Science and Engineering, Helsinki University of Technology},
  year         = {2001},
  note         = {Version 0.8.0, \url{https://laurikari.net/tre/}},
}
